@misc{devvrit2024matformernestedtransformerelastic,
    title={MatFormer: Nested Transformer for Elastic Inference}, 
    author={Devvrit and Sneha Kudugunta and Aditya Kusupati and Tim Dettmers and Kaifeng Chen and Inderjit Dhillon and Yulia Tsvetkov and Hannaneh Hajishirzi and Sham Kakade and Ali Farhadi and Prateek Jain},
    year={2024},
    eprint={2310.07707},
    archivePrefix={arXiv},
    primaryClass={cs.LG},
    url={https://arxiv.org/abs/2310.07707}, 
}